<?xml version="1.0" encoding="UTF-8"?><collection xmlns="http://www.loc.gov/MARC21/slim"><record><leader>00351nam--2200121-i-4500</leader><controlfield tag="001">000020840</controlfield><controlfield tag="002">20161230</controlfield><controlfield tag="005">20161230201033</controlfield><controlfield tag="008">060222s1000------------r-----000-0-eng-d</controlfield><datafield ind1=" " ind2=" " tag="080"><subfield code="a">620.9</subfield></datafield><datafield ind1=" " ind2=" " tag="245"><subfield code="a">Energy trends:integrated europe-decentralized ussr. conference proceedings</subfield></datafield><datafield ind1=" " ind2=" " tag="260"><subfield code="a">Tallinn, Estonian Academy Of Sciences, 1990. 455 P</subfield></datafield><datafield ind1=" " ind2=" " tag="852"><subfield code="a">79472</subfield></datafield></record></collection>